<?xml version="1.0" encoding="UTF-8"?><record xmlns="http://www.loc.gov/MARC21/slim" xmlns:cinclude="http://apache.org/cocoon/include/1.0" xmlns:zs="http://www.loc.gov/zing/srw/">
  <leader>00514nz  a2200145n  4500</leader>
  <controlfield tag="001">no2012121912</controlfield>
  <controlfield tag="003">DLC</controlfield>
  <controlfield tag="005">20120913075320.0</controlfield>
  <controlfield tag="008">120911n| acannaabn          |a aaa     c</controlfield>
  <datafield tag="010" ind1=" " ind2=" ">
    <subfield code="a">no2012121912</subfield>
  </datafield>
  <datafield tag="035" ind1=" " ind2=" ">
    <subfield code="a">(OCoLC)oca09299024</subfield>
  </datafield>
  <datafield tag="040" ind1=" " ind2=" ">
    <subfield code="a">TxU</subfield>
    <subfield code="b">eng</subfield>
    <subfield code="c">TxU</subfield>
  </datafield>
  <datafield tag="100" ind1="1" ind2=" ">
    <subfield code="a">Gaudêncio Junior, Norberto</subfield>
  </datafield>
  <datafield tag="400" ind1="1" ind2=" ">
    <subfield code="a">Junior, Norberto Gaudêncio</subfield>
  </datafield>
  <datafield tag="670" ind1=" " ind2=" ">
    <subfield code="a">Cultura gráfica, 2010:</subfield>
    <subfield code="b">t.p. (Norberto Gaudêncio Junior) p. 4 of cover (graphic designer; affiliated with Universidad Mackenzie, and Istituto Europeo di Design)</subfield>
  </datafield>
</record>